@article{semenovapplications,
  title={Applications of Machine Learning in Dota 2: Literature Review and Practical Knowledge Sharing},
    author={Semenov, Aleksandr and Romov, Peter and Neklyudov, Kirill and Yashkov, Daniil and Kireev, Daniil}
}

@misc{dotablog,
  title = "{Dota Blog}",
  howpublished = "{http://blog.dota2.com}"
}

@misc{dotaworldcup,
  title = "{International Dota2 Championship}",
  howpublished = "{http://www.dota2.com/international/overview}"
}

@book{Quinlan,
	author = {Quinlan, J. Ross},
	title = {C4.5: Programs for Machine Learning},
	year = {1993},
	isbn = {1-55860-238-0},
	publisher = {Morgan Kaufmann Publishers Inc.},
	address = {San Francisco, CA, USA},
} 

@inproceedings{Kotsiantis,
	author = {Kotsiantis, S. B.},
	title = {Supervised Machine Learning: A Review of Classification Techniques},
	booktitle = {Proceedings of the 2007 Conference on Emerging Artificial Intelligence Applications in Computer Engineering: Real Word AI Systems with Applications in eHealth, HCI, Information Retrieval and Pervasive Technologies},
	year = {2007},
	isbn = {978-1-58603-780-2},
	pages = {3--24},
	numpages = {22},
	url = {http://dl.acm.org/citation.cfm?id=1566770.1566773},
	acmid = {1566773},
	publisher = {IOS Press},
	address = {Amsterdam, The Netherlands, The Netherlands},
	keywords = {Classifiers, Data Mining, Intelligent Data Analysis, Learning Algorithms},
} 
